<?xml version="1.0" encoding="UTF-8"?><collection xmlns="http://www.loc.gov/MARC21/slim"><record><leader>00727nam--2200205-i-4500</leader><controlfield tag="001">000036821</controlfield><controlfield tag="002">20161230</controlfield><controlfield tag="005">20170204194608</controlfield><controlfield tag="008">060222s1000------------r-----000-0-rum-d</controlfield><datafield ind1=" " ind2=" " tag="040"><subfield code="a">IFIN-HH</subfield></datafield><datafield ind1=" " ind2=" " tag="041"><subfield code="a">rum</subfield></datafield><datafield ind1=" " ind2=" " tag="080"><subfield code="a">53(075)</subfield></datafield><datafield ind1="1" ind2=" " tag="100"><subfield code="a">Popescu, Ion M</subfield></datafield><datafield ind1="1" ind2="0" tag="245"><subfield code="a">Probleme rezolvate de fizica. Electromagnetism. Teoria relativitatii restranse. Unde electromagnetice. Teoria electromagnetica a luminii (optica). vol. II</subfield><subfield code="c">Ion M. Popescu, Dan Iordache, Mircea Stan, Vladimir Fara, Alexandru Lupascu</subfield></datafield><datafield ind1=" " ind2=" " tag="260"><subfield code="a">Bucuresti</subfield><subfield code="b">Editura Tehnica</subfield><subfield code="c">1984</subfield></datafield><datafield ind1=" " ind2=" " tag="300"><subfield code="a">648 p</subfield></datafield><datafield ind1=" " ind2=" " tag="490"><subfield code="a">Culegeri De Probleme De Matematica Si Fizica</subfield></datafield><datafield ind1="1" ind2=" " tag="700"><subfield code="a">Lupascu, Alexandru</subfield></datafield><datafield ind1=" " ind2=" " tag="852"><subfield code="a">71965</subfield><subfield code="c">53</subfield></datafield><datafield ind1=" " ind2=" " tag="CAT"><subfield code="a">SYS</subfield><subfield code="c">20170204</subfield><subfield code="h">194608</subfield></datafield></record></collection>